@misc{mujava,
	title={muJava},
	author={Offutt, Jeff and Ma, Yu-Seung and Kwon, Yong Rae and Li, Nan},
	howpublished={\url{http://cs.gmu.edu/~offutt/mujava/}},
	year={2015}
},

@misc{fraunhofer,
	title={Fraunhofer Center for Experimental Software Engineering},
	author={{Fraunhofer CESE}},
	howpublished={\url{http://cs.gmu.edu/~offutt/mujava/}},
	year={2015}
},

@misc{trace-mutants,
	title={Github Repository for trace-mutants},
	author={Thorarensen, Þröstur},
	howpublished={\url{https://github.com/ThrosturX/trace-mutants}},
	year={2015}
},

